<?xml version="1.0" encoding="UTF-8"?><collection xmlns="http://www.loc.gov/MARC21/slim"><record><leader>00349nam--2200121-i-4500</leader><controlfield tag="001">000029942</controlfield><controlfield tag="002">20161230</controlfield><controlfield tag="005">20161230201038</controlfield><controlfield tag="008">060222s1000------------r-----000-0-eng-d</controlfield><datafield ind1=" " ind2=" " tag="100"><subfield code="a">Kustaanheimo, Paul</subfield></datafield><datafield ind1=" " ind2=" " tag="245"><subfield code="a">Route dependence of the gravitational red shift</subfield></datafield><datafield ind1=" " ind2=" " tag="260"><subfield code="a">Helsinki, Research Institute For Theoretical Physics, 1965. 5p</subfield></datafield><datafield ind1=" " ind2=" " tag="852"><subfield code="a">23004</subfield></datafield></record></collection>